@article{rivera1986internal,
  title={Internal model control: PID controller design},
  author={Rivera, Daniel E and Morari, Manfred and Skogestad, Sigurd},
  journal={Industrial \& engineering chemistry process design and development},
  volume={25},
  number={1},
  pages={252--265},
  year={1986},
  publisher={ACS Publications}
}


@article{derler2012modeling,
  title={Modeling cyber--physical systems},
  author={Derler, Patricia and Lee, Edward A and Vincentelli, Alberto Sangiovanni},
  journal={Proceedings of the IEEE},
  volume={100},
  number={1},
  pages={13--28},
  year={2012},
  publisher={IEEE}
}


@book{lee2016introduction,
  title={Introduction to embedded systems: A cyber-physical systems approach},
  author={Lee, Edward Ashford and Seshia, Sanjit A},
  year={2016},
  publisher={MIT Press}
}


@book{alur2015principles,
  title={Principles of cyber-physical systems},
  author={Alur, Rajeev},
  year={2015},
  publisher={MIT Press}
}


@article{weiser1999origins,
  title={The origins of ubiquitous computing research at PARC in the late 1980s},
  author={Weiser, Mark and Gold, Rich and Brown, John Seely},
  journal={IBM systems journal},
  volume={38},
  number={4},
  pages={693--696},
  year={1999},
  publisher={IBM}
}

@article{palti1980downy,
  title={Downy mildew of cucurbits (Pseudoperonospora cubensis): the fungus and its hosts, distribution, epidemiology and control},
  author={Palti, J and Cohen, Y},
  journal={Phytoparasitica},
  volume={8},
  number={2},
  pages={109--147},
  year={1980},
  publisher={Springer}
}

@article{drummond2017reproducible,
  title={Reproducible research: a minority opinion},
  author={Drummond, Chris},
  journal={Journal of Experimental \& Theoretical Artificial Intelligence},
  pages={1--11},
  year={2017},
  publisher={Taylor \& Francis}
}


@misc{discoverableagriculture,
  title = {Making agriculture research data more discoverable, reusable \& reproducible},
  howpublished = {\url{http://www.godan.info/blog-posts/making-agriculture-research-data-more-discoverable-reusable-reproducible}},
  note = {Accessed: 2018-01-23}
}

@article{peng2011reproducible,
  title={Reproducible research in computational science},
  author={Peng, Roger D},
  journal={Science},
  volume={334},
  number={6060},
  pages={1226--1227},
  year={2011},
  publisher={American Association for the Advancement of Science}
}

@book{repko2008interdisciplinary,
  title={Interdisciplinary research: Process and theory},
  author={Repko, Allen F},
  year={2008},
  publisher={Sage}
}

@book{box2005statistics,
  title={Statistics for experimenters: design, innovation, and discovery},
  author={Box, George EP and Hunter, J Stuart and Hunter, William Gordon},
  volume={2},
  year={2005},
  publisher={Wiley-Interscience New York}
}

@book{campbell1990introduction,
  title={Introduction to plant disease epidemiology.},
  author={Campbell, C Lee and Madden, Laurence V and others},
  year={1990},
  publisher={John Wiley \& Sons.}
}

@article{huber1992modeling,
  title={Modeling leaf wetness in relation to plant disease epidemiology},
  author={Huber, L and Gillespie, TJ},
  journal={Annual review of phytopathology},
  volume={30},
  number={1},
  pages={553--577},
  year={1992},
  publisher={Annual Reviews 4139 El Camino Way, PO Box 10139, Palo Alto, CA 94303-0139, USA}
}

@article{neto2008comparison,
  title={Comparison between detailed model simulation and artificial neural network for forecasting building energy consumption},
  author={Neto, Alberto Hernandez and Fiorelli, Fl{\'a}vio Augusto Sanzovo},
  journal={Energy and buildings},
  volume={40},
  number={12},
  pages={2169--2176},
  year={2008},
  publisher={Elsevier}
}

@book{nahmias2009production,
  title={Production and operations analysis},
  author={Nahmias, Steven and Cheng, Ye},
  volume={4},
  year={2009},
  publisher={McGraw-Hill/Irwin New York}
}

@book{montgomery1990forecasting,
  title={Forecasting and time series analysis},
  author={Montgomery, Douglas C and Johnson, Lynwood A and Gardiner, John S},
  year={1990},
  publisher={McGraw-Hill Companies}
}


@book{hey2009fourth,
  title={The fourth paradigm: data-intensive scientific discovery},
  author={Hey, Tony and Tansley, Stewart and Tolle, Kristin M and others},
  volume={1},
  year={2009},
  publisher={Microsoft research Redmond, WA}
}

@article{chen2014big,
  title={Big data: A survey},
  author={Chen, Min and Mao, Shiwen and Liu, Yunhao},
  journal={Mobile Networks and Applications},
  volume={19},
  number={2},
  pages={171--209},
  year={2014},
  publisher={Springer}
}

@article{nasrabadi2007pattern,
  title={Pattern recognition and machine learning},
  author={Nasrabadi, Nasser M},
  journal={Journal of electronic imaging},
  volume={16},
  number={4},
  pages={049901},
  year={2007},
  publisher={International Society for Optics and Photonics}
}


@article{andrieu2003introduction,
  title={An introduction to MCMC for machine learning},
  author={Andrieu, Christophe and De Freitas, Nando and Doucet, Arnaud and Jordan, Michael I},
  journal={Machine learning},
  volume={50},
  number={1-2},
  pages={5--43},
  year={2003},
  publisher={Springer}
}


@techreport{lee1967foundations,
  title={Foundations of optimal control theory},
  author={Lee, Ernest Bruce and Markus, Lawrence},
  year={1967},
  institution={MINNESOTA UNIV MINNEAPOLIS CENTER FOR CONTROL SCIENCES}
}

@book{boyd1994linear,
  title={Linear matrix inequalities in system and control theory},
  author={Boyd, Stephen and El Ghaoui, Laurent and Feron, Eric and Balakrishnan, Venkataramanan},
  year={1994},
  publisher={SIAM}
}


@misc{AIvsML,
  title = {What Is The Difference Between Artificial Intelligence And Machine Learning?},
  howpublished = {\url{https://www.forbes.com/sites/bernardmarr/2016/12/06/what-is-the-difference-between-artificial-intelligence-and-machine-learning/#383326b32742
}},
  note = {Accessed: 2018-01-23}
}


@Article{Lee1999,
  author="Lee, Edward A.",
  title="Modeling concurrent real-time processes using discrete events",
  journal="Annals of Software Engineering",
  year="1999",
  month="Oct",
  day="01",
  volume="7",
  number="1",
  pages="25--45",
  issn="1573-7489",
  doi="10.1023/A:1018998524196",
  url="https://doi.org/10.1023/A:1018998524196"
}

@ARTICLE{5995279, 
  author={P. Derler and E. A. Lee and A. Sangiovanni Vincentelli}, 
  journal={Proceedings of the IEEE}, 
  title={Modeling Cyber #x2013;Physical Systems}, 
  year={2012}, 
  volume={100}, 
  number={1}, 
  pages={13-28}, 
  doi={10.1109/JPROC.2011.2160929}, 
  ISSN={0018-9219}, 
  month={Jan},
}

@misc{CommonGarden,
  author = {Common Garden},
  title = {Grow-IoT},
  year = {2018},
  publisher = {GitHub},
  journal = {GitHub repository},
  howpublished = {\url{https://github.com/CommonGarden/Grow-IoT}},
}
